<record><leader>00000cas a22000007a 4500</leader><controlfield tag="001">11672275</controlfield><controlfield tag="008">850208d18711874nbuwr ne      0    0eng d</controlfield><datafield ind1=" " ind2=" " tag="010"><subfield code="a">sn 85033098 </subfield></datafield><datafield ind1=" " ind2=" " tag="040"><subfield code="a">NPU</subfield><subfield code="b">eng</subfield><subfield code="c">NPU</subfield><subfield code="d">NVG</subfield><subfield code="d">MGN</subfield><subfield code="d">OCLCQ</subfield></datafield><datafield ind1=" " ind2=" " tag="042"><subfield code="a">msc</subfield></datafield><datafield ind1="0" ind2="0" tag="245"><subfield code="a">Burt county pilot.</subfield></datafield><datafield ind1=" " ind2=" " tag="260"><subfield code="a">Tekamah, Neb. :</subfield><subfield code="b">J.Y. Lambert</subfield></datafield><datafield ind1=" " ind2=" " tag="300"><subfield code="a">v. ;</subfield><subfield code="c">60 cm.</subfield></datafield><datafield ind1=" " ind2=" " tag="310"><subfield code="a">Weekly</subfield></datafield><datafield ind1="1" ind2=" " tag="362"><subfield code="a">Began in 1871; ceased in Aug. 1874.</subfield></datafield><datafield ind1=" " ind2=" " tag="580"><subfield code="a">Removed to Blair and continued by: Pilot.</subfield></datafield><datafield ind1=" " ind2=" " tag="588"><subfield code="a">Description based on: New ser., v. 2, no. 6 (Feb. 5, 1873).</subfield></datafield><datafield ind1=" " ind2=" " tag="752"><subfield code="a">United States</subfield><subfield code="b">Nebraska</subfield><subfield code="c">Burt</subfield><subfield code="d">Tekamah.</subfield></datafield><datafield ind1="1" ind2="0" tag="780"><subfield code="t">Pilot (Blair, Neb.)</subfield></datafield></record>